@manual{StanManual:2012,
  title = {Stan Modeling Language: User's Guide and Reference Manual}, 
  author = "{The Stan Development Team}", 
  year = {2012},
  note = {Stan Version 1.0}, 
  url = {http://code.google.com/p/stan}} 

@book{GelmanCarlinSternRubin:2003,
  Address = {London},
  Author = {Andrew Gelman and J.~B.~Carlin and Hal S.~Stern and Donald B.~Rubin},
  Edition = {2nd},
  Publisher = {CRC Press},
  Title = {Bayesian Data Analysis},
  Year = {2003}}

@misc{stan-software:2012,
    author = {{Stan Development Team}},
    year = 2012,
    title = {Stan: A {C++} {L}ibrary for {P}robability
             and {S}ampling, Version 1.0},
    url = {http://mc-stan.org/}
}

@article{rcpp,
  title = {{Rcpp}: Seamless {R} and {C++} Integration},
  author = {Dirk Eddelbuettel and Romain Fran\c{c}ois},
  journal = {Journal of Statistical Software},
  year = {2011},
  volume = {40},
  number = {8},
  pages = {1--18},
  url = {http://www.jstatsoft.org/v40/i08/},
 }

@manual{rprj,
  title = {R: A Language and Environment for Statistical Computing},
  author = {{R Core Team}},
  organization = {R Foundation for Statistical Computing},
  address = {Vienna, Austria},
  year = {2012},
  note = {{ISBN} 3-900051-07-0},
  url = {http://www.R-project.org/},
}

@article{WinBUGS, 
  title = {{WinBUGS} --- a Bayesian Modelling Framework: Concepts, Structure, and Extensibility},
  author = {Lunn, D.J. and Thomas, A. and Best, N. and and Spiegelhalter, D.},
  year = {2000},  
  journal = {Statistics and Computing},
  volumn = {10},
  pages = {325--337}
} 

@manual{JAGS,
  title = {JAGS Version 3.1.0 User Manual},
  author = {Martyn Plummer},
  year = {2011}, 
  url = {http://mcmc-jags.sourceforge.net/}
} 
