@manual{StanManual:2012,
  title = {Stan Modeling Language: User's Guide and Reference}, 
  author = "{The Stan Development Team}", 
  year = {2012},
  note = {Stan Version 1.0}, 
  url = {http://code.google.com/p/stan}} 

@book{GelmanCarlinSternRubin:2003,
  Address = {London},
  Author = {Andrew Gelman and J.~B.~Carlin and Hal S.~Stern and Donald B.~Rubin},
  Edition = {2nd},
  Publisher = {CRC Press},
  Title = {Bayesian Data Analysis},
  Year = {2003}}
